@article{Example,
  title={The mathematics of networks},
  author={Mark EJ Newman},
  journal={The new palgrave encyclopedia of
economics, 2(2008):1â€“12},
  year={2008}
}